%%
%% This is file `sample.bib',
%% generated with the docstrip utility.
%%
%% The original source files were:
%%
%% ubcthesis.dtx  (with options: `samplebib')
%% 
%% This file was generated from the ubcthesis package.
%% --------------------------------------------------------------
%% 
%% Copyright (C) 2001
%% Michael McNeil Forbes
%% mforbes AT alum.mit.edu
%% 
%% (Note that the AT symbol cannot be used in a comment in a bibtex file,
%% hence the lack of a proper email address above.)
%% 
%% This file may be distributed and/or modified under the
%% conditions of the LaTeX Project Public License, either version 1.2
%% of this license or (at your option) any later version.
%% The latest version of this license is in
%%    http://www.latex-project.org/lppl.txt
%% and version 1.2 or later is part of all distributions of LaTeX
%% version 1999/12/01 or later.
%% 
%% This program is distributed in the hope that it will be useful,
%% but WITHOUT ANY WARRANTY; without even the implied warranty of
%% MERCHANTABILITY or FITNESS FOR A PARTICULAR PURPOSE.  See the
%% LaTeX Project Public License for more details.
%% 
%% This program consists of the files ubcthesis.dtx, ubcthesis.ins, and
%% the sample figures fig.eps and fig.fig.
%% 
%% This file may be modified and used as a base for your thesis without
%% including the licence agreement as long as the content (i.e. textual
%% body) of the file is completely rewritten. You must, however, change
%% the name of the file.
%% 
%% This file may only be distributed together with a copy of this
%% program. You may, however, distribute this program without generated
%% files such as this one.
%% 

\ProvidesFile "sample.bib "[2015/05/31 v1.72 ^^J
University of British Columbia Sample Thesis]
%% These are just some examples of articles and books.  Some of the fields
%% are not needed, for example the abstract and SLACcitation fields.  There
%% are many other types of documents.  The entry CL:2000 poses a problem
%% in the URL field.  I am not sure how to get around this right now.

% A blessing for getting correct bibtex
% https://www.doi2bib.org

@article{manfra_high_quality,
  title = {Molecular Beam Epitaxy of Ultra-High-Quality {$\mathrm{AlGaAs/}$} {$\mathrm{GaAs}$} Heterostructures: Enabling Physics in Low-Dimensional Electronic Systems},
  volume = {5},
  ISSN = {1947-5462},
  url = {http://dx.doi.org/10.1146/annurev-conmatphys-031113-133905},
  DOI = {10.1146/annurev-conmatphys-031113-133905},
  number = {1},
  journal = {Annual Review of Condensed Matter Physics},
  publisher = {Annual Reviews},
  author = {Manfra,  Michael J.},
  year = {2014},
  month = mar,
  pages = {347–373}
}

@book{gaas_overview,
  title = {{$\mathrm{GaAs}$} and Related Materials: Bulk Semiconducting and Superlattice Properties},
  ISBN = {9789812705709},
  url = {http://dx.doi.org/10.1142/2508},
  DOI = {10.1142/2508},
  publisher = {WORLD SCIENTIFIC},
  author = {Adachi,  Sadao},
  year = {1994},
  month = oct 
}



@article{gaas_superlattice,
  title = {The Growth of a {$\mathrm{GaAs–GaAlAs}$} Superlattice},
  volume = {10},
  ISSN = {0022-5355},
  url = {http://dx.doi.org/10.1116/1.1317919},
  DOI = {10.1116/1.1317919},
  number = {1},
  journal = {Journal of Vacuum Science and Technology},
  publisher = {American Vacuum Society},
  author = {Chang,  L. L. and Esaki,  L. and Howard,  W. E. and Ludeke,  R.},
  year = {1973},
  month = jan,
  pages = {11–16}
}


@article{dopant_layer,
  title = {Electron mobilities in modulation-doped semiconductor heterojunction superlattices},
  volume = {33},
  ISSN = {1077-3118},
  url = {http://dx.doi.org/10.1063/1.90457},
  DOI = {10.1063/1.90457},
  number = {7},
  journal = {Applied Physics Letters},
  publisher = {AIP Publishing},
  author = {Dingle,  R. and St\"{o}rmer,  H. L. and Gossard,  A. C. and Wiegmann,  W.},
  year = {1978},
  month = oct,
  pages = {665–667}
}


@inbook{BEENAKKER_1991,
  title = {Quantum Transport in Semiconductor Nanostructures},
  ISSN = {0081-1947},
  url = {http://dx.doi.org/10.1016/S0081-1947(08)60091-0},
  DOI = {10.1016/s0081-1947(08)60091-0},
  booktitle = {Solid State Physics},
  publisher = {Elsevier},
  author = {Beenakker,  C.W.J. and van Houten,  H.},
  year = {1991},
  pages = {1–228}
}


@inproceedings{insulating_gates,
  title = {Can insulating the gates lead us to stable modulation-doped hole quantum devices?},
  url = {http://dx.doi.org/10.1109/COMMAD.2010.5699738},
  DOI = {10.1109/commad.2010.5699738},
  booktitle = {2010 Conference on Optoelectronic and Microelectronic Materials and Devices},
  publisher = {IEEE},
  author = {Waddington,  D. and Burke,  A.M. and Fricke,  S. and Tan,  H.H. and Jagadish,  C. and Hamilton,  A.R. and Trunov,  K. and Reuter,  D. and Wieck,  A.D. and Micolich,  A.P.},
  year = {2010},
  month = dec 
}


@article{qpc_first_measurement,
  title = {Quantized conductance of point contacts in a two-dimensional electron gas},
  volume = {60},
  ISSN = {0031-9007},
  url = {http://dx.doi.org/10.1103/PhysRevLett.60.848},
  DOI = {10.1103/physrevlett.60.848},
  number = {9},
  journal = {Physical Review Letters},
  publisher = {American Physical Society (APS)},
  author = {van Wees,  B. J. and van Houten,  H. and Beenakker,  C. W. J. and Williamson,  J. G. and Kouwenhoven,  L. P. and van der Marel,  D. and Foxon,  C. T.},
  year = {1988},
  month = feb,
  pages = {848–850}
}


@article{cs_first_measurement,
  title = {Measurements of Coulomb blockade with a noninvasive voltage probe},
  volume = {70},
  ISSN = {0031-9007},
  url = {http://dx.doi.org/10.1103/PhysRevLett.70.1311},
  DOI = {10.1103/physrevlett.70.1311},
  number = {9},
  journal = {Physical Review Letters},
  publisher = {American Physical Society (APS)},
  author = {Field,  M. and Smith,  C. G. and Pepper,  M. and Ritchie,  D. A. and Frost,  J. E. F. and Jones,  G. A. C. and Hasko,  D. G.},
  year = {1993},
  month = mar,
  pages = {1311–1314}
}



@inbook{Kouwenhoven_1997_electron_transport,
  title = {Electron Transport in Quantum Dots},
  ISBN = {9789401588393},
  url = {http://dx.doi.org/10.1007/978-94-015-8839-3_4},
  DOI = {10.1007/978-94-015-8839-3_4},
  booktitle = {Mesoscopic Electron Transport},
  publisher = {Springer Netherlands},
  author = {Kouwenhoven,  Leo P. and Marcus,  Charles M. and McEuen,  Paul L. and Tarucha,  Seigo and Westervelt,  Robert M. and Wingreen,  Ned S.},
  year = {1997},
  pages = {105–214}
}


@article{spins_in_qd,
  title = {Spins in few-electron quantum dots},
  volume = {79},
  ISSN = {1539-0756},
  url = {http://dx.doi.org/10.1103/RevModPhys.79.1217},
  DOI = {10.1103/revmodphys.79.1217},
  number = {4},
  journal = {Reviews of Modern Physics},
  publisher = {American Physical Society (APS)},
  author = {Hanson,  R. and Kouwenhoven,  L. P. and Petta,  J. R. and Tarucha,  S. and Vandersypen,  L. M. K.},
  year = {2007},
  month = oct,
  pages = {1217–1265}
}


@article{charge_noise,
  title = {Reduction of charge noise in shallow {$\mathrm{GaAs/AlGaAs}$} heterostructures with insulated gates},
  volume = {117},
  ISSN = {1077-3118},
  url = {http://dx.doi.org/10.1063/5.0026259},
  DOI = {10.1063/5.0026259},
  number = {13},
  journal = {Applied Physics Letters},
  publisher = {AIP Publishing},
  author = {Liang,  S. and Nakamura,  J. and Gardner,  G. C. and Manfra,  M. J.},
  year = {2020},
  month = sep 
}


% XXX ARXIV
@article{cs_measure_temp,
  doi = {10.48550/ARXIV.2310.11383},
  url = {https://arxiv.org/abs/2310.11383},
  author = {de Kruijf,  Mathieu and Noah,  Grayson M. and Gomez-Saiz,  Alberto and Morton,  John J. L. and Gonzalez-Zalba,  M. Fernando},
  keywords = {Mesoscale and Nanoscale Physics (cond-mat.mes-hall),  Applied Physics (physics.app-ph),  Quantum Physics (quant-ph),  FOS: Physical sciences,  FOS: Physical sciences},
  title = {Measurement of cryoelectronics heating using a local quantum dot thermometer in silicon},
  publisher = {arXiv},
  year = {2023},
  copyright = {arXiv.org perpetual,  non-exclusive license}
}




@article{electron_counting,
  title = {Electron counting in quantum dots},
  volume = {64},
  ISSN = {0167-5729},
  url = {http://dx.doi.org/10.1016/j.surfrep.2009.02.001},
  DOI = {10.1016/j.surfrep.2009.02.001},
  number = {6},
  journal = {Surface Science Reports},
  publisher = {Elsevier BV},
  author = {Gustavsson,  S. and Leturcq,  R. and Studer,  M. and Shorubalko,  I. and Ihn,  T. and Ensslin,  K. and Driscoll,  D.C. and Gossard,  A.C.},
  year = {2009},
  month = jun,
  pages = {191–232}
}




@article{cs_design,
  title = {Engineering the quantum point contact response to single-electron charging in a few-electron quantum-dot circuit},
  volume = {85},
  ISSN = {1077-3118},
  url = {http://dx.doi.org/10.1063/1.1790605},
  DOI = {10.1063/1.1790605},
  number = {13},
  journal = {Applied Physics Letters},
  publisher = {AIP Publishing},
  author = {Zhang,  L.-X. and Leburton,  J. P. and Hanson,  R. and Kouwenhoven,  L. P.},
  year = {2004},
  month = sep,
  pages = {2628–2630}
}


@article{bias_cooling,
  title = {$InSitu$ Reduction of Charge Noise in {$\mathrm{GaAs} / \mathrm{Al_x}\mathrm{Ga_{1-x}}\mathrm{As}$} Schottky-Gated Devices},
  volume = {101},
  ISSN = {1079-7114},
  url = {http://dx.doi.org/10.1103/PhysRevLett.101.226603},
  DOI = {10.1103/physrevlett.101.226603},
  number = {22},
  journal = {Physical Review Letters},
  publisher = {American Physical Society (APS)},
  author = {Buizert,  Christo and Koppens,  Frank H. L. and Pioro-Ladrière,  Michel and Tranitz,  Hans-Peter and Vink,  Ivo T. and Tarucha,  Seigo and Wegscheider,  Werner and Vandersypen,  Lieven M. K.},
  year = {2008},
  month = nov 
}



@article{jun_kondo,
  title = {Resistance Minimum in Dilute Magnetic Alloys},
  volume = {32},
  ISSN = {1347-4081},
  url = {http://dx.doi.org/10.1143/PTP.32.37},
  DOI = {10.1143/ptp.32.37},
  number = {1},
  journal = {Progress of Theoretical Physics},
  publisher = {Oxford University Press (OUP)},
  author = {Kondo,  J.},
  year = {1964},
  month = jul,
  pages = {37–49}
}



@article{de_haas,
  title = {The electrical resistance of gold,  copper and lead at low temperatures},
  volume = {1},
  ISSN = {0031-8914},
  url = {http://dx.doi.org/10.1016/S0031-8914(34)80310-2},
  DOI = {10.1016/s0031-8914(34)80310-2},
  number = {7–12},
  journal = {Physica},
  publisher = {Elsevier BV},
  author = {de Haas,  W.J. and de Boer,  J. and van dën Berg,  G.J.},
  year = {1934},
  month = may,
  pages = {1115–1124}
}




@article{goldhaber_first_kondo,
  title = {Kondo effect in a single-electron transistor},
  volume = {391},
  ISSN = {1476-4687},
  url = {http://dx.doi.org/10.1038/34373},
  DOI = {10.1038/34373},
  number = {6663},
  journal = {Nature},
  publisher = {Springer Science and Business Media LLC},
  author = {Goldhaber-Gordon,  D. and Shtrikman,  Hadas and Mahalu,  D. and Abusch-Magder,  David and Meirav,  U. and Kastner,  M. A.},
  year = {1998},
  month = jan,
  pages = {156–159}
}


@article{still_irresistible,
title = {Still irresistible},
  volume = {10},
  ISSN = {1745-2481},
  url = {http://dx.doi.org/10.1038/nphys2972},
  DOI = {10.1038/nphys2972},
  number = {5},
  journal = {Nature Physics},
  publisher = {Springer Science and Business Media LLC},
author = {Unknown},
  year = {2014},
  month = apr,
  pages = {329–329}
}


@article{nrg,
  title = {The renormalization group: Critical phenomena and the Kondo problem},
  volume = {47},
  ISSN = {0034-6861},
  url = {http://dx.doi.org/10.1103/RevModPhys.47.773},
  DOI = {10.1103/revmodphys.47.773},
  number = {4},
  journal = {Reviews of Modern Physics},
  publisher = {American Physical Society (APS)},
  author = {Wilson,  Kenneth G.},
  year = {1975},
  month = oct,
  pages = {773–840}
}


@book{kondo_review,
  title = {The Kondo Problem to Heavy Fermions},
  ISBN = {9780511470752},
  url = {http://dx.doi.org/10.1017/CBO9780511470752},
  DOI = {10.1017/cbo9780511470752},
  publisher = {Cambridge University Press},
  author = {Hewson,  Alexander Cyril},
  year = {1993},
  month = jan 
}



@article{goldhaber_mv,
  title = {From the Kondo Regime to the Mixed-Valence Regime in a Single-Electron Transistor},
  volume = {81},
  ISSN = {1079-7114},
  url = {http://dx.doi.org/10.1103/PhysRevLett.81.5225},
  DOI = {10.1103/physrevlett.81.5225},
  number = {23},
  journal = {Physical Review Letters},
  publisher = {American Physical Society (APS)},
  author = {Goldhaber-Gordon,  D. and G\"{o}res,  J. and Kastner,  M. A. and Shtrikman,  Hadas and Mahalu,  D. and Meirav,  U.},
  year = {1998},
  month = dec,
  pages = {5225–5228}
}


@article{kondo_unitary,
  title = {The Kondo Effect in the Unitary Limit},
  volume = {289},
  ISSN = {1095-9203},
  url = {http://dx.doi.org/10.1126/science.289.5487.2105},
  DOI = {10.1126/science.289.5487.2105},
  number = {5487},
  journal = {Science},
  publisher = {American Association for the Advancement of Science (AAAS)},
  author = {van der Wiel,  W. G. and Franceschi,  S. De and Fujisawa,  T. and Elzerman,  J. M. and Tarucha,  S. and Kouwenhoven,  L. P.},
  year = {2000},
  month = sep,
  pages = {2105–2108}
}


@article{stm_kondo,
  title = {Quantum mirages formed by coherent projection of electronic structure},
  volume = {403},
  ISSN = {1476-4687},
  url = {http://dx.doi.org/10.1038/35000508},
  DOI = {10.1038/35000508},
  number = {6769},
  journal = {Nature},
  publisher = {Springer Science and Business Media LLC},
  author = {Manoharan,  H. C. and Lutz,  C. P. and Eigler,  D. M.},
  year = {2000},
  month = feb,
  pages = {512–515}
}


@article{child_strong,
  title = {Entropy Measurement of a Strongly Coupled Quantum Dot},
  volume = {129},
  ISSN = {1079-7114},
  url = {http://dx.doi.org/10.1103/PhysRevLett.129.227702},
  DOI = {10.1103/physrevlett.129.227702},
  number = {22},
  journal = {Physical Review Letters},
  publisher = {American Physical Society (APS)},
  author = {Child,  Timothy and Sheekey,  Owen and L\"{u}scher,  Silvia and Fallahi,  Saeed and Gardner,  Geoffrey C. and Manfra,  Michael and Mitchell,  Andrew and Sela,  Eran and Kleeorin,  Yaakov and Meir,  Yigal and Folk,  Joshua},
  year = {2022},
  month = nov 
}


@article{Pustilnik2004,
  title = {Kondo effect in quantum dots},
  volume = {16},
  ISSN = {1361-648X},
  url = {http://dx.doi.org/10.1088/0953-8984/16/16/R01},
  DOI = {10.1088/0953-8984/16/16/r01},
  number = {16},
  journal = {Journal of Physics: Condensed Matter},
  publisher = {IOP Publishing},
  author = {Pustilnik,  Michael and Glazman,  Leonid},
  year = {2004},
  month = apr,
  pages = {R513–R537}
}




@article{costi_kondo_mv_eo_regime,
  title = {Transport coefficients of the Anderson model via the numerical renormalization group},
  volume = {6},
  ISSN = {1361-648X},
  url = {http://dx.doi.org/10.1088/0953-8984/6/13/013},
  DOI = {10.1088/0953-8984/6/13/013},
  number = {13},
  journal = {Journal of Physics: Condensed Matter},
  publisher = {IOP Publishing},
  author = {Costi,  T A and Hewson,  A C and Zlatic,  V},
  year = {1994},
  month = mar,
  pages = {2519–2558}
}


@article{child_meas,
  title = {Entropy Measurement of a Strongly Coupled Quantum Dot},
  volume = {129},
  ISSN = {1079-7114},
  url = {http://dx.doi.org/10.1103/PhysRevLett.129.227702},
  DOI = {10.1103/physrevlett.129.227702},
  number = {22},
  journal = {Physical Review Letters},
  publisher = {American Physical Society (APS)},
  author = {Child,  Timothy and Sheekey,  Owen and L\"{u}scher,  Silvia and Fallahi,  Saeed and Gardner,  Geoffrey C. and Manfra,  Michael and Mitchell,  Andrew and Sela,  Eran and Kleeorin,  Yaakov and Meir,  Yigal and Folk,  Joshua},
  year = {2022},
  month = nov 
}

@article{hartman,
  title = {Direct entropy measurement in a mesoscopic quantum system},
  volume = {14},
  ISSN = {1745-2481},
  url = {http://dx.doi.org/10.1038/s41567-018-0250-5},
  DOI = {10.1038/s41567-018-0250-5},
  number = {11},
  journal = {Nature Physics},
  publisher = {Springer Science and Business Media LLC},
  author = {Hartman,  Nikolaus and Olsen,  Christian and L\"{u}scher,  Silvia and Samani,  Mohammad and Fallahi,  Saeed and Gardner,  Geoffrey C. and Manfra,  Michael and Folk,  Joshua},
  year = {2018},
  month = aug,
  pages = {1083–1086}
}

@article{kondo_asymmetric,
  title = {Anomalous Kondo Effect in a Quantum Dot at Nonzero Bias},
  volume = {83},
  ISSN = {1079-7114},
  url = {http://dx.doi.org/10.1103/PhysRevLett.83.804},
  DOI = {10.1103/physrevlett.83.804},
  number = {4},
  journal = {Physical Review Letters},
  publisher = {American Physical Society (APS)},
  author = {Simmel,  F. and Blick,  R. H. and Kotthaus,  J. P. and Wegscheider,  W. and Bichler,  M.},
  year = {1999},
  month = jul,
  pages = {804–807}
}


@article{kondo_nrg_asymmetric,
  title = {Role of bias and tunneling asymmetries in nonlinear Fermi-liquid transport through an $\mathrm{SU(N)}$ quantum dot},
  volume = {108},
  ISSN = {2469-9969},
  url = {http://dx.doi.org/10.1103/PhysRevB.108.045109},
  DOI = {10.1103/physrevb.108.045109},
  number = {4},
  journal = {Physical Review B},
  publisher = {American Physical Society (APS)},
  author = {Tsutsumi,  Kazuhiko and Teratani,  Yoshimichi and Motoyama,  Kaiji and Sakano,  Rui and Oguri,  Akira},
  year = {2023},
  month = jul 
}



% XXX need to cite
@article{entanglement_measurement,
  title = {Entanglement,  measurement,  and conditional evolution of the Kondo singlet interacting with a mesoscopic detector},
  volume = {9},
  ISSN = {1367-2630},
  url = {http://dx.doi.org/10.1088/1367-2630/9/5/121},
  DOI = {10.1088/1367-2630/9/5/121},
  number = {5},
  journal = {New Journal of Physics},
  publisher = {IOP Publishing},
  author = {Kang,  Kicheon and Khym,  Gyong Luck},
  year = {2007},
  month = may,
  pages = {121–121}
}


@article{peculiar_dephasing_of_kondo,
  title = {Peculiarities of the controlled dephasing of a quantum dot in the Kondo regime},
  volume = {62},
  ISSN = {1286-4854},
  url = {http://dx.doi.org/10.1209/epl/i2003-00368-1},
  DOI = {10.1209/epl/i2003-00368-1},
  number = {1},
  journal = {Europhysics Letters (EPL)},
  publisher = {IOP Publishing},
  author = {Silva,  A and Levit,  S},
  year = {2003},
  month = apr,
  pages = {103–109}
}



% XXX need to cite
@article{kondo_dephase_microwave,
  volume = {118},
  ISSN = {0022-2291},
  url = {http://dx.doi.org/10.1023/A:1004694017738},
  DOI = {10.1023/a:1004694017738},
  number = {5/6},
  journal = {Journal of Low Temperature Physics},
  publisher = {Springer Science and Business Media LLC},
  author = {Elzerman,  Jeroen M. and De Franceschi,  Silvano and Goldhaber-Gordon,  David and van der Wiel,  Wilfred G. and Kouwenhoven,  Leo P.},
  year = {2000},
  pages = {375–389}
}


@article{kondo_graphene,
  title = {Pauli blockade catalogue and three- and four-particle Kondo effect in bilayer graphene quantum dots},
  volume = {6},
  ISSN = {2643-1564},
  url = {http://dx.doi.org/10.1103/PhysRevResearch.6.L012006},
  DOI = {10.1103/physrevresearch.6.l012006},
  number = {1},
  journal = {Physical Review Research},
  publisher = {American Physical Society (APS)},
  author = {Tong,  Chuyao and Kurzmann,  Annika and Garreis,  Rebekka and Watanabe,  Kenji and Taniguchi,  Takashi and Ihn,  Thomas and Ensslin,  Klaus},
  year = {2024},
  month = jan 
}

% XXX ARXIV
@article{kondo_topological,
  doi = {10.48550/ARXIV.2402.05931},
  url = {https://arxiv.org/abs/2402.05931},
  author = {Bollmann,  Steffen and V\"{a}yrynen,  Jukka I. and K\"{o}nig,  Elio J.},
  keywords = {Strongly Correlated Electrons (cond-mat.str-el),  Mesoscale and Nanoscale Physics (cond-mat.mes-hall),  FOS: Physical sciences,  FOS: Physical sciences},
  title = {Topological Kondo effect with spinful Majorana fermions},
  publisher = {arXiv},
  year = {2024},
  copyright = {Creative Commons Attribution 4.0 International}
}





% XXX need to cite
@article{kondo_mzm,
  title = {Robustness of the Kondo effect in a quantum dot coupled to Majorana zero modes},
  volume = {101},
  ISSN = {2469-9969},
  url = {http://dx.doi.org/10.1103/PhysRevB.101.075428},
  DOI = {10.1103/physrevb.101.075428},
  number = {7},
  journal = {Physical Review B},
  publisher = {American Physical Society (APS)},
  author = {Silva,  Joelson F. and da Silva,  Luis G. G. V. Dias and Vernek,  E.},
  year = {2020},
  month = feb 
}



@article{kondo_controlled_dephasing,
  title = {Controlled Dephasing of a Quantum Dot in the Kondo Regime},
  volume = {92},
  ISSN = {1079-7114},
  url = {http://dx.doi.org/10.1103/PhysRevLett.92.156801},
  DOI = {10.1103/physrevlett.92.156801},
  number = {15},
  journal = {Physical Review Letters},
  publisher = {American Physical Society (APS)},
  author = {Avinun-Kalish,  M. and Heiblum,  M. and Silva,  A. and Mahalu,  D. and Umansky,  V.},
  year = {2004},
  month = apr 
}


@article{first_quantised_charge,
  title = {Superconductivity of Small Tin Particles Measured by Tunneling},
  volume = {20},
  ISSN = {0031-9007},
  url = {http://dx.doi.org/10.1103/PhysRevLett.20.1504},
  DOI = {10.1103/physrevlett.20.1504},
  number = {26},
  journal = {Physical Review Letters},
  publisher = {American Physical Society (APS)},
  author = {Giaever,  I. and Zeller,  H. R.},
  year = {1968},
  month = jun,
  pages = {1504–1507}
}


@article{nanowire_quantisedcharge,
  title = {Single-electron transistors in heterostructure nanowires},
  volume = {83},
  ISSN = {1077-3118},
  url = {http://dx.doi.org/10.1063/1.1606889},
  DOI = {10.1063/1.1606889},
  number = {10},
  journal = {Applied Physics Letters},
  publisher = {AIP Publishing},
  author = {Thelander,  C. and Mårtensson,  T. and Bj\"{o}rk,  M. T. and Ohlsson,  B. J. and Larsson,  M. W. and Wallenberg,  L. R. and Samuelson,  L.},
  year = {2003},
  month = sep,
  pages = {2052–2054}
}




%http://sces.phys.utk.edu/~dagotto/condensed/Lectures_2009/UTK_Lecture2_March09.pdf
@article{kondo_theory_history,
  title = {From Resistance Minimum to Kondo Physics},
  volume = {73},
  ISSN = {2289-0041},
  url = {http://dx.doi.org/10.3938/NPSM.73.1098},
  DOI = {10.3938/npsm.73.1098},
  number = {12},
  journal = {New Physics: Sae Mulli},
  publisher = {Korean Physical Society},
  author = {Yanagisawa,  Takashi},
  year = {2023},
  month = dec,
  pages = {1098–1109}
}




@article{cronenwett_tunable_kondo,
  title = {A Tunable Kondo Effect in Quantum Dots},
  volume = {281},
  ISSN = {1095-9203},
  url = {http://dx.doi.org/10.1126/science.281.5376.540},
  DOI = {10.1126/science.281.5376.540},
  number = {5376},
  journal = {Science},
  publisher = {American Association for the Advancement of Science (AAAS)},
  author = {Cronenwett,  Sara M. and Oosterkamp,  Tjerk H. and Kouwenhoven,  Leo P.},
  year = {1998},
  month = jul,
  pages = {540–544}
}




@article{first_charging_of_qd,
  title = {Single-electron charging and periodic conductance resonances in {$\mathrm{GaAs}$} nanostructures},
  volume = {65},
  ISSN = {0031-9007},
  url = {http://dx.doi.org/10.1103/PhysRevLett.65.771},
  DOI = {10.1103/physrevlett.65.771},
  number = {6},
  journal = {Physical Review Letters},
  publisher = {American Physical Society (APS)},
  author = {Meirav,  U. and Kastner,  M. A. and Wind,  S. J.},
  year = {1990},
  month = aug,
  pages = {771–774}
}


@article{qpc_second_measurement,
  title = {One-dimensional transport and the quantisation of the ballistic resistance},
  volume = {21},
  ISSN = {0022-3719},
  url = {http://dx.doi.org/10.1088/0022-3719/21/8/002},
  DOI = {10.1088/0022-3719/21/8/002},
  number = {8},
  journal = {Journal of Physics C: Solid State Physics},
  publisher = {IOP Publishing},
  author = {Wharam,  D A and Thornton,  T J and Newbury,  R and Pepper,  M and Ahmed,  H and Frost,  J E F and Hasko,  D G and Peacock,  D C and Ritchie,  D A and Jones,  G A C},
  year = {1988},
  month = mar,
  pages = {L209–L214}
}


@article{manfra_inas,
  title = {Spin-orbit coupling and electron scattering in high-quality {$\mathrm{InSb_{1-x}As_x}$} quantum wells},
  volume = {106},
  ISSN = {2469-9969},
  url = {http://dx.doi.org/10.1103/PhysRevB.106.165304},
  DOI = {10.1103/physrevb.106.165304},
  number = {16},
  journal = {Physical Review B},
  publisher = {American Physical Society (APS)},
  author = {Metti,  S. and Thomas,  C. and Xiao,  D. and Manfra,  M. J.},
  year = {2022},
  month = oct 
}


@article{borsoi2022shared,
  title = {Shared control of a 16 semiconductor quantum dot crossbar array},
  volume = {19},
  ISSN = {1748-3395},
  url = {http://dx.doi.org/10.1038/s41565-023-01491-3},
  DOI = {10.1038/s41565-023-01491-3},
  number = {1},
  journal = {Nature Nanotechnology},
  publisher = {Springer Science and Business Media LLC},
  author = {Borsoi,  Francesco and Hendrickx,  Nico W. and John,  Valentin and Meyer,  Marcel and Motz,  Sayr and van Riggelen,  Floor and Sammak,  Amir and de Snoo,  Sander L. and Scappucci,  Giordano and Veldhorst,  Menno},
  year = {2023},
  month = aug,
  pages = {21–27}
}



@article{raysu,
  title = {Superconductivity in twisted double bilayer graphene stabilized by {$\mathrm{WSe_2}$}},
  volume = {22},
  ISSN = {1476-4660},
  url = {http://dx.doi.org/10.1038/s41563-023-01653-7},
  DOI = {10.1038/s41563-023-01653-7},
  number = {11},
  journal = {Nature Materials},
  publisher = {Springer Science and Business Media LLC},
  author = {Su,  Ruiheng and Kuiri,  Manabendra and Watanabe,  Kenji and Taniguchi,  Takashi and Folk,  Joshua},
  year = {2023},
  month = aug,
  pages = {1332–1337}
}




@article{klitzing,
  title = {New Method for High-Accuracy Determination of the Fine-Structure Constant Based on Quantized Hall Resistance},
  volume = {45},
  ISSN = {0031-9007},
  url = {http://dx.doi.org/10.1103/PhysRevLett.45.494},
  DOI = {10.1103/physrevlett.45.494},
  number = {6},
  journal = {Physical Review Letters},
  publisher = {American Physical Society (APS)},
  author = {Klitzing,  K. v. and Dorda,  G. and Pepper,  M.},
  year = {1980},
  month = aug,
  pages = {494–497}
}



@article{graphene,
  title = {Electric Field Effect in Atomically Thin Carbon Films},
  volume = {306},
  ISSN = {1095-9203},
  url = {http://dx.doi.org/10.1126/science.1102896},
  DOI = {10.1126/science.1102896},
  number = {5696},
  journal = {Science},
  publisher = {American Association for the Advancement of Science (AAAS)},
  author = {Novoselov,  K. S. and Geim,  A. K. and Morozov,  S. V. and Jiang,  D. and Zhang,  Y. and Dubonos,  S. V. and Grigorieva,  I. V. and Firsov,  A. A.},
  year = {2004},
  month = oct,
  pages = {666–669}
}



@article{wigner_solid,
  title = {Observation of a Magnetically Induced Wigner Solid},
  volume = {60},
  ISSN = {0031-9007},
  url = {http://dx.doi.org/10.1103/PhysRevLett.60.2765},
  DOI = {10.1103/physrevlett.60.2765},
  number = {26},
  journal = {Physical Review Letters},
  publisher = {American Physical Society (APS)},
  author = {Andrei,  E. Y. and Deville,  G. and Glattli,  D. C. and Williams,  F. I. B. and Paris,  E. and Etienne,  B.},
  year = {1988},
  month = jun,
  pages = {2765–2768}
}


@article{fractional_charge,
  title = {Resonant Tunneling in the Quantum Hall Regime: Measurement of Fractional Charge},
  volume = {267},
  ISSN = {1095-9203},
  url = {http://dx.doi.org/10.1126/science.267.5200.1010},
  DOI = {10.1126/science.267.5200.1010},
  number = {5200},
  journal = {Science},
  publisher = {American Association for the Advancement of Science (AAAS)},
  author = {Goldman,  V. J. and Su,  B.},
  year = {1995},
  month = feb,
  pages = {1010–1012}
}


@article{landau_quantisation,
  title = {Long-range ballistic transport of Brown-Zak fermions in graphene superlattices},
  volume = {11},
  ISSN = {2041-1723},
  url = {http://dx.doi.org/10.1038/s41467-020-19604-0},
  DOI = {10.1038/s41467-020-19604-0},
  number = {1},
  journal = {Nature Communications},
  publisher = {Springer Science and Business Media LLC},
  author = {Barrier,  Julien and Kumaravadivel,  Piranavan and Krishna Kumar,  Roshan and Ponomarenko,  L. A. and Xin,  Na and Holwill,  Matthew and Mullan,  Ciaran and Kim,  Minsoo and Gorbachev,  R. V. and Thompson,  M. D. and Prance,  J. R. and Taniguchi,  T. and Watanabe,  K. and Grigorieva,  I. V. and Novoselov,  K. S. and Mishchenko,  A. and Fal’ko,  V. I. and Geim,  A. K. and Berdyugin,  A. I.},
  year = {2020},
  month = nov 
}


@article{yigal_kondo,
  title = {Low-temperature transport through a quantum dot: The Anderson model out of equilibrium},
  volume = {70},
  ISSN = {0031-9007},
  url = {http://dx.doi.org/10.1103/PhysRevLett.70.2601},
  DOI = {10.1103/physrevlett.70.2601},
  number = {17},
  journal = {Physical Review Letters},
  publisher = {American Physical Society (APS)},
  author = {Meir,  Yigal and Wingreen,  Ned S. and Lee,  Patrick A.},
  year = {1993},
  month = apr,
  pages = {2601–2604}
}


@article{kondo_unitary_theory,
  title = {On the Electron Transport through a Quantum Dot},
  volume = {60},
  ISSN = {1347-4073},
  url = {http://dx.doi.org/10.1143/JPSJ.60.3222},
  DOI = {10.1143/jpsj.60.3222},
  number = {10},
  journal = {Journal of the Physical Society of Japan},
  publisher = {Physical Society of Japan},
  author = {Kawabata,  Arisato},
  year = {1991},
  month = oct,
  pages = {3222–3225}
}



@article{kondolattice,
  title = {Evolution of the Kondo lattice and non-Fermi liquid excitations in a heavy-fermion metal},
  volume = {9},
  ISSN = {2041-1723},
  url = {http://dx.doi.org/10.1038/s41467-018-05801-5},
  DOI = {10.1038/s41467-018-05801-5},
  number = {1},
  journal = {Nature Communications},
  publisher = {Springer Science and Business Media LLC},
  author = {Seiro,  S. and Jiao,  L. and Kirchner,  S. and Hartmann,  S. and Friedemann,  S. and Krellner,  C. and Geibel,  C. and Si,  Q. and Steglich,  F. and Wirth,  S.},
  year = {2018},
  month = aug 
}



@article{topological_kondo,
  title = {Multichannel Topological Kondo Effect},
  volume = {130},
  ISSN = {1079-7114},
  url = {http://dx.doi.org/10.1103/PhysRevLett.130.066302},
  DOI = {10.1103/physrevlett.130.066302},
  number = {6},
  journal = {Physical Review Letters},
  publisher = {American Physical Society (APS)},
  author = {Li,  Guangjie and Oreg,  Yuval and V\"{a}yrynen,  Jukka I.},
  year = {2023},
  month = feb 
}


@article{potok_2ck,
  title = {Observation of the two-channel Kondo effect},
  volume = {446},
  ISSN = {1476-4687},
  url = {http://dx.doi.org/10.1038/nature05556},
  DOI = {10.1038/nature05556},
  number = {7132},
  journal = {Nature},
  publisher = {Springer Science and Business Media LLC},
  author = {Potok,  R. M. and Rau,  I. G. and Shtrikman,  Hadas and Oreg,  Yuval and Goldhaber-Gordon,  D.},
  year = {2007},
  month = mar,
  pages = {167–171}
}


@article{kirchner_2ck,
  title = {Two‐Channel Kondo Physics: From Engineered Structures to Quantum Materials Realizations},
  volume = {3},
  ISSN = {2511-9044},
  url = {http://dx.doi.org/10.1002/qute.201900128},
  DOI = {10.1002/qute.201900128},
  number = {5},
  journal = {Advanced Quantum Technologies},
  publisher = {Wiley},
  author = {Kirchner,  Stefan},
  year = {2020},
  month = mar 
}


@article{iftikhar_2ck,
  title = {Two-channel Kondo effect and renormalization flow with macroscopic quantum charge states},
  volume = {526},
  ISSN = {1476-4687},
  url = {http://dx.doi.org/10.1038/nature15384},
  DOI = {10.1038/nature15384},
  number = {7572},
  journal = {Nature},
  publisher = {Springer Science and Business Media LLC},
  author = {Iftikhar,  Z. and Jezouin,  S. and Anthore,  A. and Gennser,  U. and Parmentier,  F. D. and Cavanna,  A. and Pierre,  F.},
  year = {2015},
  month = oct,
  pages = {233–236}
}


@article{topological_kondo_majorana,
  title = {Topological Kondo Effect with Majorana Fermions},
  volume = {109},
  ISSN = {1079-7114},
  url = {http://dx.doi.org/10.1103/PhysRevLett.109.156803},
  DOI = {10.1103/physrevlett.109.156803},
  number = {15},
  journal = {Physical Review Letters},
  publisher = {American Physical Society (APS)},
  author = {Béri,  B. and Cooper,  N. R.},
  year = {2012},
  month = oct 
}
